@misc{quizowanie,
  author = {FEO Media AB},
  title = {{Quizowanie}},
  howpublished = "\url{https://play.google.com/store/apps/details?id=se.feomedia.quizkampen.pl.lite&hl=pl}",
  year = {2016}, 
  note = "[Online; accessed 11-December-2016]"
}

@misc{englishgrammar,
  author = {SevenLynx},
  title = {{English Grammar Test}},
  howpublished = "\url{https://play.google.com/store/apps/details?id=english.grammar.test.app}",
  year = {2016}, 
  note = "[Online; accessed 11-December-2016]"
}

@misc{samequizy,
  author = {Filing},
  title = {{sameQuizy}},
  howpublished = "\url{https://play.google.com/store/apps/details?id=pl.filing.samequizy&hl=pl}",
  year = {2016}, 
  note = "[Online; accessed 11-December-2016]"
}


@misc{httpserversusage,
  author = {w3techs},
  title = {{Usage of web servers for websites}},
  howpublished = "\url{https://w3techs.com/technologies/overview/web_server/all}",
  year = {2016}, 
  note = "[Online; accessed 11-December-2016]"
}

@misc{fcgi,
  author = {Ferry Boender},
  title = {{Apache, FastCGI and Python}},
  howpublished = "\url{https://www.electricmonk.nl/docs/apache_fastcgi_python/apache_fastcgi_python.html}",
  year = {2009}, 
  note = "[Online; accessed 11-December-2016]"
}

@misc{webserverbenchmark,
  author = {Jarrod},
  title = {{Linux Web Server Performance Benchmark}},
  howpublished = "\url{https://www.rootusers.com/linux-web-server-performance-benchmark-2016-results/}",
  year = {2016}, 
  note = "[Online; accessed 11-December-2016]"
}

@misc{mostpopularjavaservers,
  author = {Nikita Salnikov-Tarnovski},
  title = {{Most popular Java application servers: 2016 edition}},
  howpublished = "\url{https://plumbr.eu/uncategorized/most-popular-java-ee-servers-2016-edition}",
  year = {2016}, 
  note = "[Online; accessed 11-December-2016]"
}

@misc{javaserverscomparison,
  author = {Roman Kharkovski},
  title = {{Lightweight Java servers and developer view on the App Server}},
  howpublished = "\url{https://advantage.ibm.com/2015/09/22/lightweight-java-servers-and-developer-view-on-the-app-server-update/}",
  year = {2015}, 
  note = "[Online; accessed 11-December-2016]"
}

@misc{circularprogressbutton,
  author = {Danylyk Dmytro},
  title = {{Circular Progress Button}},
  howpublished = "\url{https://github.com/flavioarfaria/circular-progress-button}",
  year = {2014}, 
  note = "[Online; accessed 11-December-2016]"
}

@misc{zxing,
  author = {Denso Wave},
  title = {{ZXing}},
  howpublished = "\url{https://github.com/zxing/zxing}",
  year = {2016}, 
  note = "[Online; accessed 11-December-2016]"
}

@misc{sqlitedatabase,
  author = {Lars Vogel},
  title = {{Android SQLite database and content provider - Tutorial}},
  howpublished = "\url{http://www.vogella.com/tutorials/AndroidSQLite/article.html}",
  year = {2016}, 
  note = "[Online; accessed 11-December-2016]"
}

@misc{callreject,
  author = {Finn Larsen},
  title = {{How to Reject a call programatically in android}},
  howpublished = "\url{https://stackoverflow.com/questions/7347871/how-to-reject-a-call-programatically-in-android}",
  year = {2011}, 
  note = "[Online; accessed 11-December-2016]"
}

@misc{protocols,
  author = {H. Kim Lew and Steve Spanier and Tim Stevenson and Merilee Ford and Inc Cisco Systems},
  title = {{Internetworking Technologies Handbook}},
  howpublished = "\url{http://www.net130.com/tutorial/other/Internet%20Overview.pdf}",
  year = {1999}, 
  note = "[Online; accessed 11-December-2016]"
}
